@unpublished{ss2014,
author = {Sorlin, SÃ©bastien and Solnon, Christine},
year = {2004},
month = {Apr},
pages = {287-302},
title = {A Global Constraint for Graph Isomorphism Problems},
doi = {10.1007/978-3-540-24664-0_20}
}
	
@unpublished{amrssv2016,
author = {Albert Atserias and Laura Man\v{c}inska and David
                  E. Roberson and Robert \v{S}\'amal and Simone
                  Severini and Antonios Varvitsiotis},
title = {Quantum and non-signalling graph isomorphisms},
year = {2016},
month = {June},
eprint = {1611.09837},
eprinttype = {arXiv}
}
	
@book{b2009,
author = {Richard A. Brualdi},
year = {2009},
title = {Introductory Combinatorics, Fifth Edition},
publisher = {Pearson}
}

@Article{mrv2018,
author = {Musto, Benjamin and Reutter, David and Verdon, Dominic},
title = {The {M}orita Theory of Quantum Graph Isomorphisms},
journal = {Communications in Mathematical Physics},
year = {2018},
month = {Sep},
day = {08},
issn = {1432-0916},
doi = {10.1007/s00220-018-3225-6},
url = {https://doi.org/10.1007/s00220-018-3225-6}
}

@unpublished{lmr2017,
author = {Lupini, Martino and Man\v{c}inska, Laura and Roberson, David E.},
year = {2017},
month = {Dec},
pages = {},
title = {Nonlocal Games and Quantum Permutation Groups}
}

@article{rm2012,
author = {Roberson, David E. and Man\v{c}inska, Laura},
year = {2012},
month = {Dec},
pages = {228-267},
title = {Graph Homomorphisms for Quantum Players},
volume = {118},
journal = {Journal of Combinatorial Theory Series B},
doi = {10.4230/LIPIcs.TQC.2014.212,}
}

@unpublished{assz2017,
author = {Abramsky, Samson and Soares Barbosa, Rui and de Silva, Nadish and Zapata, Octavio},
year = {2017},
month = {May},
pages = {},
title = {The Quantum Monad on Relational Structures}
}

@unpublished{a2012,
author = {Aleksandr Arkhipov, Alex},
year = {2012},
month = {Sep},
pages = {},
title = {Extending and Characterizing Quantum Magic Games}
}

@inproceedings{cm2014,
author = {Richard Cleve and Rajat Mittal},
title = {Characterization of Binary Constraint System Games},
booktitle = {Automata, Languages, and Programming - 41st International Colloquium, {ICALP} 2014},
pages = {320--331},
year = {2014},
url = {https://doi.org/10.1007/978-3-662-43948-7\_27},
doi = {10.1007/978-3-662-43948-7\_27},
timestamp = {Tue, 23 May 2017 01:09:06 +0200},
biburl = {https://dblp.org/rec/bib/conf/icalp/CleveM14},
bibsource = {dblp computer science bibliography, https://dblp.org}
}

@article{bh2011,
title = {Well-covered circulant graphs},
journal = {Discrete Mathematics},
volume = {311},
number = {4},
pages = {244 - 251},
year = {2011},
issn = {0012-365X},
doi = {https://doi.org/10.1016/j.disc.2010.11.007},
url = {http://www.sciencedirect.com/science/article/pii/S0012365X10004292},
author = {Jason Brown and Richard Hoshino}
}

@article{rsu1994,
title = {Fractional isomorphism of graphs},
journal = {Discrete Mathematics},
volume = {132},
number = {1},
pages = {247 - 265},
year = {1994},
issn = {0012-365X},
doi = {https://doi.org/10.1016/0012-365X(94)90241-0},
url = {http://www.sciencedirect.com/science/article/pii/0012365X94902410},
author = {Motakuri V. Ramana and Edward R. Scheinerman and Daniel Ullman}
}