@article{Jones_2013,
   title={Low-overhead constructions for the fault-tolerant {$T$}offoli gate},
   volume={87},
   ISSN={1094-1622},
   url={http://dx.doi.org/10.1103/PhysRevA.87.022328},
   DOI={10.1103/physreva.87.022328},
   number={2},
   journal={Physical Review A},
   publisher={American Physical Society (APS)},
   author={Jones, Cody},
   year={2013},
   month={Feb}
}

@article{Aaronson_2004,
   title={Improved simulation of stabilizer circuits},
   volume={70},
   ISSN={1094-1622},
   url={http://dx.doi.org/10.1103/PhysRevA.70.052328},
   DOI={10.1103/physreva.70.052328},
   number={5},
   journal={Physical Review A},
   publisher={American Physical Society (APS)},
   author={Aaronson, Scott and Gottesman, Daniel},
   year={2004},
   month={Nov}
}


@misc{beverland2019lower,
      title={Lower bounds on the non-{$C$}lifford resources for quantum computations}, 
      author={Michael Beverland and Earl Campbell and Mark Howard and Vadym Kliuchnikov},
      year={2019},
      eprint={1904.01124},
      archivePrefix={arXiv},
      primaryClass={quant-ph}
}

@book{nielsen00,
  added-at = {2010-06-22T17:54:31.000+0200},
  author = {Nielsen, Michael A. and Chuang, Isaac L.},
  biburl = {https://www.bibsonomy.org/bibtex/222bf6f3de23faf420214d738924ac21b/mcclung},
  interhash = {140ce4be72c2994b45286dbaa98d0bd3},
  intrahash = {22bf6f3de23faf420214d738924ac21b},
  keywords = {computing information quantum},
  publisher = {Cambridge University Press},
  timestamp = {2010-06-22T17:54:31.000+0200},
  title = {Quantum Computation and Quantum Information},
  year = 2000
}

@misc{jiang2021lower,
      title={Lower bound the {$T$}-count via unitary stabilizer nullity}, 
      author={Jiaqing Jiang and Xin Wang},
      year={2021},
      eprint={2103.09999},
      archivePrefix={arXiv},
      primaryClass={quant-ph}
}

@misc{gidney2021cccz,
      title={A {$CCCZ$} gate performed with 6 {$T$} gates}, 
      author={Craig Gidney and N. Cody Jones},
      year={2021},
      eprint={2106.11513},
      archivePrefix={arXiv},
      primaryClass={quant-ph}
}

@misc{ross2016optimal,
      title={Optimal ancilla-free Clifford+T approximation of z-rotations}, 
      author={Neil J. Ross and Peter Selinger},
      year={2016},
      eprint={1403.2975},
      archivePrefix={arXiv},
      primaryClass={quant-ph}
}

@misc{selinger2014efficient,
      title={Efficient Clifford+T approximation of single-qubit operators}, 
      author={Peter Selinger},
      year={2014},
      eprint={1212.6253},
      archivePrefix={arXiv},
      primaryClass={quant-ph}
}

@article{Amy_2019,
   title={T-Count Optimization and Reed–Muller Codes},
   volume={65},
   ISSN={1557-9654},
   url={http://dx.doi.org/10.1109/TIT.2019.2906374},
   DOI={10.1109/tit.2019.2906374},
   number={8},
   journal={IEEE Transactions on Information Theory},
   publisher={Institute of Electrical and Electronics Engineers (IEEE)},
   author={Amy, Matthew and Mosca, Michele},
   year={2019},
   month={Aug},
   pages={4771–4784}
}

@misc{glaudell2021optimal,
      title={Optimal Two-Qubit Circuits for Universal Fault-Tolerant Quantum Computation}, 
      author={Andrew N. Glaudell and Neil J. Ross and Jacob M. Taylor},
      year={2021},
      eprint={2001.05997},
      archivePrefix={arXiv},
      primaryClass={quant-ph}
}

@misc{haner2018optimizing,
      title={Optimizing Quantum Circuits for Arithmetic}, 
      author={Thomas Häner and Martin Roetteler and Krysta M. Svore},
      year={2018},
      eprint={1805.12445},
      archivePrefix={arXiv},
      primaryClass={quant-ph}
}

@misc{amy2021phasestate,
      title={The phase/state duality in reversible circuit design}, 
      author={Matthew Amy and Neil J. Ross},
      year={2021},
      eprint={2105.13410},
      archivePrefix={arXiv},
      primaryClass={quant-ph}
}

@misc{gosset2013algorithm,
      title={An algorithm for the T-count}, 
      author={David Gosset and Vadym Kliuchnikov and Michele Mosca and Vincent Russo},
      year={2013},
      eprint={1308.4134},
      archivePrefix={arXiv},
      primaryClass={quant-ph}
}

@article{Wang_2019,
   title={Quantifying the magic of quantum channels},
   volume={21},
   ISSN={1367-2630},
   url={http://dx.doi.org/10.1088/1367-2630/ab451d},
   DOI={10.1088/1367-2630/ab451d},
   number={10},
   journal={New Journal of Physics},
   publisher={IOP Publishing},
   author={Wang, Xin and Wilde, Mark M and Su, Yuan},
   year={2019},
   month={Oct},
   pages={103002}
}

@misc{meuli2019role,
      title={The Role of Multiplicative Complexity in Compiling Low T-count Oracle Circuits}, 
      author={Giulia Meuli and Mathias Soeken and Earl Campbell and Martin Roetteler and Giovanni De Micheli},
      year={2019},
      eprint={1908.01609},
      archivePrefix={arXiv},
      primaryClass={quant-ph}
}

@article{Selinger_gen,
   title={Generators and relations for n-qubit Clifford operators},
   volume={11},
   ISSN={1860-5974},
   url={http://dx.doi.org/10.2168/LMCS-11(2:10)2015},
   DOI={10.2168/lmcs-11(2:10)2015},
   number={2},
   journal={Logical Methods in Computer Science},
   publisher={Centre pour la Communication Scientifique Directe (CCSD)},
   author={Selinger, Peter},
   editor={Abramsky, SamsonEditor},
   year={2015},
   month={Jun}
}